@book{Goodfellow,
	title={Deep Learning},
	author={Ian Goodfellow and Yoshua Bengio and Aaron Courville},
	year={2016},
	publisher={MIT Press},
	url={http://www.deeplearningbook.org},
	note={Comprehensive introduction to deep learning, covering theory and practice.}
}

@article{LeCun2015,
	title={Deep Learning},
	author={LeCun, Yann and Bengio, Yoshua and Hinton, Geoffrey},
	journal={Nature},
	volume={521},
	number={7553},
	pages={436--444},
	year={2015},
	publisher={Nature Publishing Group},
	doi={10.1038/nature14539},
	note={Seminal paper that provides an overview of the field of deep learning, including key advances and applications.}
}

@book{Hastie2009,
	title={The Elements of Statistical Learning: Data Mining, Inference, and Prediction},
	author={Hastie, Trevor and Tibshirani, Robert and Friedman, Jerome},
	year={2009},
	publisher={Springer},
	edition={2},
	note={A foundational text on machine learning and statistical modeling, covering supervised learning and model evaluation techniques such as cross-validation.}
}

@misc{train,
	author = {Built In},
	title = {What is the Train-Test Split and Why is it Important?},
	year = {2024},
	url = {https://builtin.com/data-science/train-test-split},
	note = {Accessed: 2024-11-10}
}
@misc{kili,
	author = {Kili Technology},
	title = {Cross-validation in Machine Learning},
	year = {2024},
	url = {https://kili-technology.com/data-labeling/machine-learning/cross-validation-in-machine-learning},
	note = {Accessed: 2024-11-10}
}
@misc{aiml2024,
	author       = {Karphatij Andrej},
	title        = {What is the Basic Architecture of an Artificial Neural Network (ANN)?},
	year         = {2024},
	url          = {https://aiml.com/what-is-the-basic-architecture-of-an-artificial-neural-network-ann/},
	note         = {Accessed: 2024-11-10}
}

@misc{turing,
	author = {Turing},
	title = {Deep Learning vs Machine Learning: The Ultimate Battle},
	year = {2024},
	url = {https://www.turing.com/kb/ultimate-battle-between-deep-learning-and-machine-learning},
	note = {Accessed: 2024-11-10}
}

@misc{alphafold2024,
	author = {EMBL-EBI},
	title = {AlphaFold},
	year = {2024},
	url = {https://alphafold.ebi.ac.uk/},
	note = {Accessed: 2024-11-10}
}

@misc{deepmind2024,
	author = {DeepMind},
	title = {Developing Reliable AI Tools for Healthcare},
	year = {2024},
	url = {https://deepmind.google/discover/blog/codoc-developing-reliable-ai-tools-for-healthcare/},
	note = {Accessed: 2024-11-10}
}
@misc{alphafoldpaperswithcode,
	author = {Papers with Code},
	title = {AlphaFold},
	year = {2024},
	url = {https://paperswithcode.com/method/alphafold},
	note = {Accessed: 2024-11-10}
}

@misc{overfittingprotecciondatos,
	author = {Protección Datos LOPD},
	title = {¿Qué es el overfitting en el aprendizaje automático?},
	year = {2024},
	url = {https://protecciondatos-lopd.com/empresas/overfitting/#Que_es_el_overfitting_en_el_aprendizaje_automatico},
	note = {Accessed: 2024-11-10}
}

