@article{Liu2023,
	title = {Comparison of evaluation metrics of deep learning for imbalanced imaging data in osteoarthritis studies},
	author = {Liu, S. and Roemer, F. and Ge, Y. and others},
	journal = {Osteoarthritis and Cartilage},
	volume = {31},
	number = {9},
	pages = {1242-1248},
	year = {2023},
	doi = {10.1016/j.joca.2023.05.006}
}
